@article{Marco_Sola_2020,
    title = {Fast gap-affine pairwise alignment using the wavefront algorithm},
    url = {https://doi.org/10.1093/bioinformatics/btaa777},
    doi = {10.1093/bioinformatics/btaa777},
    journal = {Bioinformatics},
    author = {Marco-Sola, Santiago and Moure, Juan Carlos and Moreto, Miquel and Espinosa, Antonio},
}

@article{Lee_2002,
  title={Multiple sequence alignment using partial order graphs},
  volume={18},
  ISSN={1460-2059},
  url={https://doi.org/10.1093/bioinformatics/18.3.452},
  DOI={10.1093/bioinformatics/18.3.452},
  number={3},
  journal={Bioinformatics},
  publisher={Oxford University Press (OUP)},
  author={Lee, C. and Grasso, C. and Sharlow, M. F.},
  year={2002},
  month={Mar},
  pages={452–464}
}

@article{Farrar_2006,
  title={Striped Smith-Waterman speeds database searches six times over other SIMD implementations},
  volume={23},
  ISSN={1460-2059},
  url={http://dx.doi.org/10.1093/bioinformatics/btl582},
  DOI={10.1093/bioinformatics/btl582},
  number={2},
  journal={Bioinformatics},
  publisher={Oxford University Press (OUP)},
  author={Farrar, M.},
  year={2006},
  month={Nov},
  pages={156–161}
}

@article{smith1981comparison,
  title={Comparison of biosequences},
  author={Smith, Temple F and Waterman, Michael S},
  journal={Advances in Applied Mathematics},
  volume={2},
  number={4},
  pages={482--489},
  year={1981},
  publisher={Elsevier}
}

@article{gotoh1982improved,
  title={An improved algorithm for matching biological sequences},
  author={Gotoh, Osamu},
  journal={Journal of Molecular Biology},
  volume={162},
  number={3},
  pages={705--708},
  year={1982},
  publisher={Elsevier}
}

@article{Myers_1999,
  title={A fast bit-vector algorithm for approximate string matching based on dynamic programming},
  volume={46},
  ISSN={1557-735X},
  url={http://dx.doi.org/10.1145/316542.316550},
  DOI={10.1145/316542.316550},
  number={3},
  journal={Journal of the ACM},
  publisher={Association for Computing Machinery (ACM)},
  author={Myers, Gene},
  year={1999},
  month={May},
  pages={395–415}
}
